<record xmlns="http://www.loc.gov/MARC21/slim">
   <leader>02205cam a2200505 i 4500</leader>
   <controlfield tag="001">6799501</controlfield>
   <controlfield tag="003">OCoLC</controlfield>
   <controlfield tag="005">20160226080308.2</controlfield>
   <controlfield tag="006">m     o  d        </controlfield>
   <controlfield tag="007">cr |||||||||||</controlfield>
   <controlfield tag="008">141229t20152015nyua   cob    001 0 eng d</controlfield>
   <datafield ind1=" " ind2=" " tag="020">
      <subfield code="a">9781493918782</subfield>
      <subfield code="q">(electronic bk.)</subfield>
   </datafield>
   <datafield ind1=" " ind2=" " tag="020">
      <subfield code="a">1493918788</subfield>
      <subfield code="q">(electronic bk.)</subfield>
   </datafield>
   <datafield ind1=" " ind2=" " tag="020">
      <subfield code="z">9781493918775</subfield>
   </datafield>
   <datafield ind1=" " ind2=" " tag="020">
      <subfield code="z">149391877X</subfield>
   </datafield>
   <datafield ind1="7" ind2=" " tag="024">
      <subfield code="a">10.1007/978-1-4939-1878-2</subfield>
      <subfield code="2">doi</subfield>
   </datafield>
   <datafield ind1=" " ind2=" " tag="035">
      <subfield code="a">ocn898901233</subfield>
   </datafield>
   <datafield ind1=" " ind2=" " tag="039">
      <subfield code="a">exclude</subfield>
   </datafield>
   <datafield ind1=" " ind2=" " tag="040">
      <subfield code="a">SCB</subfield>
      <subfield code="b">eng</subfield>
      <subfield code="e">rda</subfield>
      <subfield code="e">pn</subfield>
      <subfield code="c">SCB</subfield>
      <subfield code="d">GW5XE</subfield>
      <subfield code="d">OCLCF</subfield>
      <subfield code="d">YDXCP</subfield>
      <subfield code="d">OCL</subfield>
      <subfield code="d">OCLCQ</subfield>
      <subfield code="d">OCLCO</subfield>
      <subfield code="d">AEU</subfield>
   </datafield>
   <datafield ind1=" " ind2="4" tag="050">
      <subfield code="a">TA164</subfield>
   </datafield>
   <datafield ind1="0" ind2="4" tag="082">
      <subfield code="a">660.6</subfield>
      <subfield code="2">23</subfield>
   </datafield>
   <datafield ind1=" " ind2=" " tag="090">
      <subfield code="a">Internet Access</subfield>
      <subfield code="b">AEU</subfield>
   </datafield>
   <datafield ind1=" " ind2=" " tag="090">
      <subfield code="a">Internet Access</subfield>
      <subfield code="b">AEU</subfield>
   </datafield>
   <datafield ind1="0" ind2="0" tag="245">
      <subfield code="a">Computational methods in synthetic biology /</subfield>
      <subfield code="c">edited by Mario Andrea Marchisio.</subfield>
   </datafield>
   <datafield ind1=" " ind2="1" tag="264">
      <subfield code="a">New York :</subfield>
      <subfield code="b">Humana Press,</subfield>
      <subfield code="c">[2015]</subfield>
   </datafield>
   <datafield ind1=" " ind2="4" tag="264">
      <subfield code="c">©2015</subfield>
   </datafield>
   <datafield ind1=" " ind2=" " tag="300">
      <subfield code="a">1 online resource (xi, 358 pages) :</subfield>
      <subfield code="b">illustrations (some color).</subfield>
   </datafield>
   <datafield ind1=" " ind2=" " tag="336">
      <subfield code="a">text</subfield>
      <subfield code="b">txt</subfield>
      <subfield code="2">rdacontent</subfield>
   </datafield>
   <datafield ind1=" " ind2=" " tag="337">
      <subfield code="a">computer</subfield>
      <subfield code="b">c</subfield>
      <subfield code="2">rdamedia</subfield>
   </datafield>
   <datafield ind1=" " ind2=" " tag="338">
      <subfield code="a">online resource</subfield>
      <subfield code="2">rdacarrier</subfield>
   </datafield>
   <datafield ind1="1" ind2=" " tag="490">
      <subfield code="a">Methods in molecular biology,</subfield>
      <subfield code="x">1940-6029 ;</subfield>
      <subfield code="v">1244</subfield>
   </datafield>
   <datafield ind1=" " ind2=" " tag="504">
      <subfield code="a">Includes bibliographical references and index.</subfield>
   </datafield>
   <datafield ind1=" " ind2=" " tag="506">
      <subfield code="a">Access restricted to authorized users and institutions.</subfield>
   </datafield>
   <datafield ind1="0" ind2=" " tag="588">
      <subfield code="a">Online resource; title from PDF title page (SpringerLink, viewed December 29, 2014).</subfield>
   </datafield>
   <datafield ind1=" " ind2=" " tag="596">
      <subfield code="a">44</subfield>
   </datafield>
   <datafield ind1=" " ind2="0" tag="650">
      <subfield code="a">Synthetic biology</subfield>
      <subfield code="v">Laboratory manuals.</subfield>
   </datafield>
   <datafield ind1=" " ind2="7" tag="650">
      <subfield code="a">Synthetic biology.</subfield>
      <subfield code="2">fast</subfield>
      <subfield code="0">(OCoLC)fst01762461</subfield>
   </datafield>
   <datafield ind1=" " ind2="7" tag="655">
      <subfield code="a">Laboratory manuals.</subfield>
      <subfield code="2">fast</subfield>
      <subfield code="0">(OCoLC)fst01920776</subfield>
   </datafield>
   <datafield ind1="1" ind2=" " tag="700">
      <subfield code="a">Marchisio, Mario Andrea,</subfield>
      <subfield code="e">editor.</subfield>
   </datafield>
   <datafield ind1=" " ind2="0" tag="830">
      <subfield code="a">Methods in molecular biology (Clifton, N.J.) ;</subfield>
      <subfield code="v">v. 1244.</subfield>
      <subfield code="x">1064-3745</subfield>
   </datafield>
   <datafield ind1="4" ind2="0" tag="856">
      <subfield code="3">University of Alberta Access</subfield>
      <subfield code="u">http://link.springer.com/10.1007/978-1-4939-1878-2</subfield>
      <subfield code="z">(Unlimited Concurrent Users)</subfield>
      <subfield code="z">from Springer</subfield>
   </datafield>
   <datafield ind1="4" ind2="0" tag="856">
      <subfield code="3">University of Alberta Access</subfield>
      <subfield code="u">http://link.springer.com/10.1007/978-1-4939-1878-2</subfield>
      <subfield code="z">(Unlimited Concurrent Users)</subfield>
   </datafield>
   <datafield ind1=" " ind2=" " tag="949">
      <subfield code="h">UAIN</subfield>
      <subfield code="z">SPRINGER</subfield>
   </datafield>
   <datafield ind1=" " ind2=" " tag="926">
      <subfield code="a">Internet Access</subfield>
      <subfield code="w">LC</subfield>
      <subfield code="c">1</subfield>
      <subfield code="i">6799501-1001</subfield>
      <subfield code="l">INTERNET</subfield>
      <subfield code="m">UAINTERNET</subfield>
      <subfield code="r">Y</subfield>
      <subfield code="s">Y</subfield>
      <subfield code="t">E-RESOURCE</subfield>
      <subfield code="u">2/5/2015</subfield>
      <subfield code="x">E-BOOK</subfield>
      <subfield code="z">SPRINGPRO</subfield>
   </datafield>
   <datafield ind1=" " ind2=" " tag="926">
      <subfield code="a">Internet Access</subfield>
      <subfield code="w">LC</subfield>
      <subfield code="c">2</subfield>
      <subfield code="i">6799501-1002</subfield>
      <subfield code="l">INTERNET</subfield>
      <subfield code="m">UAINTERNET</subfield>
      <subfield code="r">Y</subfield>
      <subfield code="s">Y</subfield>
      <subfield code="t">E-RESOURCE</subfield>
      <subfield code="u">3/7/2016</subfield>
      <subfield code="x">E-BOOK</subfield>
      <subfield code="z">SPRINGER</subfield>
   </datafield>
</record>
